<?xml version="1.0" encoding="UTF-8"?>
<record xmlns="http://www.loc.gov/MARC21/slim">
   <leader>01093cam a22002655  4500</leader>
   <controlfield tag="001">2630328</controlfield>
   <controlfield tag="003">NjP</controlfield>
   <controlfield tag="005">20170915173301.0</controlfield>
   <controlfield tag="008">890703s1904    ua c          000 0 ara d</controlfield>
   <datafield tag="024" ind1="7" ind2=" ">
      <subfield code="a">princeton_aco004699</subfield>
      <subfield code="2">local</subfield>
   </datafield>
   <datafield ind1=" " ind2=" " tag="035">
      <subfield code="a">(OCoLC)ocm19957265</subfield>
   </datafield>
   <datafield ind1=" " ind2=" " tag="035">
      <subfield code="9">CMN7848TS</subfield>
   </datafield>
   <datafield ind1=" " ind2=" " tag="040">
      <subfield code="a">LPU</subfield>
      <subfield code="c">LPU</subfield>
      <subfield code="d">TJC</subfield>
      <subfield code="d">PUL</subfield>
   </datafield>
   <datafield ind1="1" ind2=" " tag="041">
      <subfield code="a">ara</subfield>
      <subfield code="h">und</subfield>
   </datafield>
   <datafield ind1="0" ind2=" " tag="100">
      <subfield code="a">Homer.</subfield>
   </datafield>
   <datafield ind1="1" ind2="0" tag="240">
      <subfield code="a">Iliad.</subfield>
      <subfield code="l">Arabic</subfield>
   </datafield>
   <datafield ind1="1" ind2="0" tag="245">
      <subfield code="a">Al-Yazat Houmirus,</subfield>
      <subfield code="c">an al-franciat hikalam Sulaiman al-Bustany ... L'Iliade d'Homère, tr. en vers arabes avec une introd. historique et littéraire sur l'auteur et son oeuvre en regard de la littérature arabe et ses usages de l'Orient. Le texte est accompagné de notes suivi d'un vocabulaire par Sulaīman al-Bustany.</subfield>
   </datafield>
   <datafield ind1=" " ind2=" " tag="260">
      <subfield code="a">Egypt,</subfield>
      <subfield code="b">al-Hilal,</subfield>
      <subfield code="c">1904.</subfield>
   </datafield>
   <datafield ind1=" " ind2=" " tag="300">
      <subfield code="a">1260 p.</subfield>
      <subfield code="b">illus., ports.</subfield>
      <subfield code="c">27 cm.</subfield>
   </datafield>
   <datafield ind1=" " ind2=" " tag="500">
      <subfield code="a">Translated title: The Iliad.</subfield>
   </datafield>
   <datafield ind1=" " ind2=" " tag="500">
      <subfield code="a">Added title and text in Arabic.</subfield>
   </datafield>
   <datafield ind1=" " ind2="0" tag="650">
      <subfield code="a">Arabic books.</subfield>
   </datafield>
   <datafield ind1="1" ind2=" " tag="700">
      <subfield code="a">Bustānī, Sulaymān Khaṭṭār,</subfield>
      <subfield code="d">1856-1925.</subfield>
      <subfield code="0">http://id.loc.gov/authorities/names/n91099156</subfield>
   </datafield>
   <datafield ind1="0" ind2=" " tag="740">
      <subfield code="a">Iliade d'Homère.</subfield>
   </datafield>
   <datafield ind1="0" ind2=" " tag="740">
      <subfield code="a">Iliade.</subfield>
   </datafield>
   <datafield ind1=" " ind2=" " tag="945">
      <subfield code="a">ANXA</subfield>
      <subfield code="b">1</subfield>
      <subfield code="c">2681.333.904</subfield>
   </datafield>
   <datafield ind1=" " ind2=" " tag="911">
      <subfield code="a">19991112</subfield>
   </datafield>
   <datafield ind1="8" ind2="0" tag="852">
      <subfield code="0">2938285</subfield>
      <subfield code="b">rcppa</subfield>
      <subfield code="t">1</subfield>
      <subfield code="h">2681.333.904</subfield>
      <subfield code="x">tr fr anxa</subfield>
   </datafield>
   <datafield ind1=" " ind2=" " tag="959">
      <subfield code="a">2009-08-10 11:06:12 -0500</subfield>
   </datafield>
</record>
